@misc{puppetmodulefunctionaltestingbeakerinsidevagrant,
   title = "{Puppet Module Functional Testing with Vagrant, OpenStack and Beaker}",
   url = "http://my1.fr/blog/puppet-module-functional-testing-with-vagrant-openstack-and-beaker/",
   note = "[Online; accessed 4-November-2018]"
}
@misc{openstackpuppetmodulefunctionaltestingproposal,
   title = "{OpenStack documentation: Puppet Module Functional Testing}",
   url = "http://specs.openstack.org/openstack-infra/infra-specs/specs/puppet-module-functional-testing.html",
   note = "[Online; accessed 4-November-2018]"
}
@book{ccnacommandguide,
   author = {Scott Empson},
   year = {2017},
   title = {CCNA Routing and Switching Portable Command Guide},
   publisher = {Cisco Press}
}
@book{ccnawireless,
   author = {David Hucaby},
   year = {2016},
   title = {CCNA Wireless 200-355 Official Cert Guide},
   publisher = {Cisco Press}
}
